%YAML 1.1
%TAG !u! tag:unity3d.com,2011:
--- !u!1 &153687471144816045
GameObject:
  m_ObjectHideFlags: 0
  m_CorrespondingSourceObject: {fileID: 0}
  m_PrefabInstance: {fileID: 0}
  m_PrefabAsset: {fileID: 0}
  serializedVersion: 6
  m_Component:
  - component: {fileID: 7438169946527731084}
  - component: {fileID: 6051194977984112818}
  - component: {fileID: 3732555286662668633}
  - component: {fileID: 6646837357444802321}
  m_Layer: 8
  m_Name: Cube (2)
  m_TagString: Untagged
  m_Icon: {fileID: 0}
  m_NavMeshLayer: 0
  m_StaticEditorFlags: 0
  m_IsActive: 1
--- !u!4 &7438169946527731084
Transform:
  m_ObjectHideFlags: 0
  m_CorrespondingSourceObject: {fileID: 0}
  m_PrefabInstance: {fileID: 0}
  m_PrefabAsset: {fileID: 0}
  m_GameObject: {fileID: 153687471144816045}
  m_LocalRotation: {x: 0, y: 0, z: 0, w: 1}
  m_LocalPosition: {x: -0.2188, y: 2.0748, z: 0}
  m_LocalScale: {x: 0.032671187, y: 0.16609628, z: 0.08393212}
  m_Children: []
  m_Father: {fileID: 8273027053242408826}
  m_RootOrder: 4
  m_LocalEulerAnglesHint: {x: 0, y: 0, z: 0}
--- !u!33 &6051194977984112818
MeshFilter:
  m_ObjectHideFlags: 0
  m_CorrespondingSourceObject: {fileID: 0}
  m_PrefabInstance: {fileID: 0}
  m_PrefabAsset: {fileID: 0}
  m_GameObject: {fileID: 153687471144816045}
  m_Mesh: {fileID: 10202, guid: 0000000000000000e000000000000000, type: 0}
--- !u!23 &3732555286662668633
MeshRenderer:
  m_ObjectHideFlags: 0
  m_CorrespondingSourceObject: {fileID: 0}
  m_PrefabInstance: {fileID: 0}
  m_PrefabAsset: {fileID: 0}
  m_GameObject: {fileID: 153687471144816045}
  m_Enabled: 1
  m_CastShadows: 1
  m_ReceiveShadows: 1
  m_DynamicOccludee: 1
  m_MotionVectors: 1
  m_LightProbeUsage: 1
  m_ReflectionProbeUsage: 1
  m_RayTracingMode: 2
  m_RayTraceProcedural: 0
  m_RenderingLayerMask: 1
  m_RendererPriority: 0
  m_Materials:
  - {fileID: 2100000, guid: 2f5c4f730091b2c479582a3e3a51c108, type: 2}
  m_StaticBatchInfo:
    firstSubMesh: 0
    subMeshCount: 0
  m_StaticBatchRoot: {fileID: 0}
  m_ProbeAnchor: {fileID: 0}
  m_LightProbeVolumeOverride: {fileID: 0}
  m_ScaleInLightmap: 1
  m_ReceiveGI: 1
  m_PreserveUVs: 0
  m_IgnoreNormalsForChartDetection: 0
  m_ImportantGI: 0
  m_StitchLightmapSeams: 1
  m_SelectedEditorRenderState: 3
  m_MinimumChartSize: 4
  m_AutoUVMaxDistance: 0.5
  m_AutoUVMaxAngle: 89
  m_LightmapParameters: {fileID: 0}
  m_SortingLayerID: 0
  m_SortingLayer: 0
  m_SortingOrder: 0
  m_AdditionalVertexStreams: {fileID: 0}
--- !u!65 &6646837357444802321
BoxCollider:
  m_ObjectHideFlags: 0
  m_CorrespondingSourceObject: {fileID: 0}
  m_PrefabInstance: {fileID: 0}
  m_PrefabAsset: {fileID: 0}
  m_GameObject: {fileID: 153687471144816045}
  m_Material: {fileID: 0}
  m_IsTrigger: 0
  m_Enabled: 1
  serializedVersion: 2
  m_Size: {x: 1, y: 1, z: 1}
  m_Center: {x: 0, y: 0, z: 0}
--- !u!1 &2998728858107251209
GameObject:
  m_ObjectHideFlags: 0
  m_CorrespondingSourceObject: {fileID: 0}
  m_PrefabInstance: {fileID: 0}
  m_PrefabAsset: {fileID: 0}
  serializedVersion: 6
  m_Component:
  - component: {fileID: 2318192766598741557}
  - component: {fileID: 3541603060104657751}
  - component: {fileID: 8299563921928175599}
  - component: {fileID: 9142838306487471543}
  m_Layer: 8
  m_Name: Sphere
  m_TagString: Untagged
  m_Icon: {fileID: 0}
  m_NavMeshLayer: 0
  m_StaticEditorFlags: 0
  m_IsActive: 1
--- !u!4 &2318192766598741557
Transform:
  m_ObjectHideFlags: 0
  m_CorrespondingSourceObject: {fileID: 0}
  m_PrefabInstance: {fileID: 0}
  m_PrefabAsset: {fileID: 0}
  m_GameObject: {fileID: 2998728858107251209}
  m_LocalRotation: {x: 0, y: 0, z: 0, w: 1}
  m_LocalPosition: {x: -0.217, y: 1.879, z: 0}
  m_LocalScale: {x: 0.2579966, y: 0.2579966, z: 0.2579966}
  m_Children: []
  m_Father: {fileID: 8273027053242408826}
  m_RootOrder: 0
  m_LocalEulerAnglesHint: {x: 0, y: 0, z: 0}
--- !u!33 &3541603060104657751
MeshFilter:
  m_ObjectHideFlags: 0
  m_CorrespondingSourceObject: {fileID: 0}
  m_PrefabInstance: {fileID: 0}
  m_PrefabAsset: {fileID: 0}
  m_GameObject: {fileID: 2998728858107251209}
  m_Mesh: {fileID: 10207, guid: 0000000000000000e000000000000000, type: 0}
--- !u!23 &8299563921928175599
MeshRenderer:
  m_ObjectHideFlags: 0
  m_CorrespondingSourceObject: {fileID: 0}
  m_PrefabInstance: {fileID: 0}
  m_PrefabAsset: {fileID: 0}
  m_GameObject: {fileID: 2998728858107251209}
  m_Enabled: 1
  m_CastShadows: 1
  m_ReceiveShadows: 1
  m_DynamicOccludee: 1
  m_MotionVectors: 1
  m_LightProbeUsage: 1
  m_ReflectionProbeUsage: 1
  m_RayTracingMode: 2
  m_RayTraceProcedural: 0
  m_RenderingLayerMask: 1
  m_RendererPriority: 0
  m_Materials:
  - {fileID: 2100000, guid: 2f5c4f730091b2c479582a3e3a51c108, type: 2}
  m_StaticBatchInfo:
    firstSubMesh: 0
    subMeshCount: 0
  m_StaticBatchRoot: {fileID: 0}
  m_ProbeAnchor: {fileID: 0}
  m_LightProbeVolumeOverride: {fileID: 0}
  m_ScaleInLightmap: 1
  m_ReceiveGI: 1
  m_PreserveUVs: 0
  m_IgnoreNormalsForChartDetection: 0
  m_ImportantGI: 0
  m_StitchLightmapSeams: 1
  m_SelectedEditorRenderState: 3
  m_MinimumChartSize: 4
  m_AutoUVMaxDistance: 0.5
  m_AutoUVMaxAngle: 89
  m_LightmapParameters: {fileID: 0}
  m_SortingLayerID: 0
  m_SortingLayer: 0
  m_SortingOrder: 0
  m_AdditionalVertexStreams: {fileID: 0}
--- !u!135 &9142838306487471543
SphereCollider:
  m_ObjectHideFlags: 0
  m_CorrespondingSourceObject: {fileID: 0}
  m_PrefabInstance: {fileID: 0}
  m_PrefabAsset: {fileID: 0}
  m_GameObject: {fileID: 2998728858107251209}
  m_Material: {fileID: 0}
  m_IsTrigger: 0
  m_Enabled: 1
  serializedVersion: 2
  m_Radius: 0.5
  m_Center: {x: 0, y: 0, z: 0}
--- !u!1 &6515238992660107958
GameObject:
  m_ObjectHideFlags: 0
  m_CorrespondingSourceObject: {fileID: 0}
  m_PrefabInstance: {fileID: 0}
  m_PrefabAsset: {fileID: 0}
  serializedVersion: 6
  m_Component:
  - component: {fileID: 4635833700653828249}
  - component: {fileID: 7574442619548937945}
  - component: {fileID: 261610213592606903}
  - component: {fileID: 7911698799352170149}
  m_Layer: 8
  m_Name: Sphere (1)
  m_TagString: Untagged
  m_Icon: {fileID: 0}
  m_NavMeshLayer: 0
  m_StaticEditorFlags: 0
  m_IsActive: 1
--- !u!4 &4635833700653828249
Transform:
  m_ObjectHideFlags: 0
  m_CorrespondingSourceObject: {fileID: 0}
  m_PrefabInstance: {fileID: 0}
  m_PrefabAsset: {fileID: 0}
  m_GameObject: {fileID: 6515238992660107958}
  m_LocalRotation: {x: 0, y: 0, z: 0, w: 1}
  m_LocalPosition: {x: 0.189, y: 1.879, z: 0}
  m_LocalScale: {x: 0.2579966, y: 0.2579966, z: 0.2579966}
  m_Children: []
  m_Father: {fileID: 8273027053242408826}
  m_RootOrder: 1
  m_LocalEulerAnglesHint: {x: 0, y: 0, z: 0}
--- !u!33 &7574442619548937945
MeshFilter:
  m_ObjectHideFlags: 0
  m_CorrespondingSourceObject: {fileID: 0}
  m_PrefabInstance: {fileID: 0}
  m_PrefabAsset: {fileID: 0}
  m_GameObject: {fileID: 6515238992660107958}
  m_Mesh: {fileID: 10207, guid: 0000000000000000e000000000000000, type: 0}
--- !u!23 &261610213592606903
MeshRenderer:
  m_ObjectHideFlags: 0
  m_CorrespondingSourceObject: {fileID: 0}
  m_PrefabInstance: {fileID: 0}
  m_PrefabAsset: {fileID: 0}
  m_GameObject: {fileID: 6515238992660107958}
  m_Enabled: 1
  m_CastShadows: 1
  m_ReceiveShadows: 1
  m_DynamicOccludee: 1
  m_MotionVectors: 1
  m_LightProbeUsage: 1
  m_ReflectionProbeUsage: 1
  m_RayTracingMode: 2
  m_RayTraceProcedural: 0
  m_RenderingLayerMask: 1
  m_RendererPriority: 0
  m_Materials:
  - {fileID: 2100000, guid: 2f5c4f730091b2c479582a3e3a51c108, type: 2}
  m_StaticBatchInfo:
    firstSubMesh: 0
    subMeshCount: 0
  m_StaticBatchRoot: {fileID: 0}
  m_ProbeAnchor: {fileID: 0}
  m_LightProbeVolumeOverride: {fileID: 0}
  m_ScaleInLightmap: 1
  m_ReceiveGI: 1
  m_PreserveUVs: 0
  m_IgnoreNormalsForChartDetection: 0
  m_ImportantGI: 0
  m_StitchLightmapSeams: 1
  m_SelectedEditorRenderState: 3
  m_MinimumChartSize: 4
  m_AutoUVMaxDistance: 0.5
  m_AutoUVMaxAngle: 89
  m_LightmapParameters: {fileID: 0}
  m_SortingLayerID: 0
  m_SortingLayer: 0
  m_SortingOrder: 0
  m_AdditionalVertexStreams: {fileID: 0}
--- !u!135 &7911698799352170149
SphereCollider:
  m_ObjectHideFlags: 0
  m_CorrespondingSourceObject: {fileID: 0}
  m_PrefabInstance: {fileID: 0}
  m_PrefabAsset: {fileID: 0}
  m_GameObject: {fileID: 6515238992660107958}
  m_Material: {fileID: 0}
  m_IsTrigger: 0
  m_Enabled: 1
  serializedVersion: 2
  m_Radius: 0.5
  m_Center: {x: 0, y: 0, z: 0}
--- !u!1 &6829271334269650401
GameObject:
  m_ObjectHideFlags: 0
  m_CorrespondingSourceObject: {fileID: 0}
  m_PrefabInstance: {fileID: 0}
  m_PrefabAsset: {fileID: 0}
  serializedVersion: 6
  m_Component:
  - component: {fileID: 8273027053242408826}
  m_Layer: 8
  m_Name: Headphone
  m_TagString: Untagged
  m_Icon: {fileID: 0}
  m_NavMeshLayer: 0
  m_StaticEditorFlags: 0
  m_IsActive: 1
--- !u!4 &8273027053242408826
Transform:
  m_ObjectHideFlags: 0
  m_CorrespondingSourceObject: {fileID: 0}
  m_PrefabInstance: {fileID: 0}
  m_PrefabAsset: {fileID: 0}
  m_GameObject: {fileID: 6829271334269650401}
  m_LocalRotation: {x: -0.7061596, y: 0.70805275, z: 4.335573e-17, w: 4.3239804e-17}
  m_LocalPosition: {x: 4.698186, y: -0.01257806, z: 0}
  m_LocalScale: {x: 2.8571427, y: 2.8571427, z: 2.857142}
  m_Children:
  - {fileID: 2318192766598741557}
  - {fileID: 4635833700653828249}
  - {fileID: 1322292477733785094}
  - {fileID: 7018643597062850555}
  - {fileID: 7438169946527731084}
  m_Father: {fileID: 1057736877163658938}
  m_RootOrder: 1
  m_LocalEulerAnglesHint: {x: 0, y: 0, z: 0}
--- !u!1 &7261584383240875011
GameObject:
  m_ObjectHideFlags: 0
  m_CorrespondingSourceObject: {fileID: 0}
  m_PrefabInstance: {fileID: 0}
  m_PrefabAsset: {fileID: 0}
  serializedVersion: 6
  m_Component:
  - component: {fileID: 7018643597062850555}
  - component: {fileID: 2176452490502610803}
  - component: {fileID: 7388944567938019674}
  - component: {fileID: 1222604734670439021}
  m_Layer: 8
  m_Name: Cube (1)
  m_TagString: Untagged
  m_Icon: {fileID: 0}
  m_NavMeshLayer: 0
  m_StaticEditorFlags: 0
  m_IsActive: 1
--- !u!4 &7018643597062850555
Transform:
  m_ObjectHideFlags: 0
  m_CorrespondingSourceObject: {fileID: 0}
  m_PrefabInstance: {fileID: 0}
  m_PrefabAsset: {fileID: 0}
  m_GameObject: {fileID: 7261584383240875011}
  m_LocalRotation: {x: 0, y: 0, z: 0, w: 1}
  m_LocalPosition: {x: 0.2094, y: 2.0748, z: 0}
  m_LocalScale: {x: 0.032671187, y: 0.16609628, z: 0.08393212}
  m_Children: []
  m_Father: {fileID: 8273027053242408826}
  m_RootOrder: 3
  m_LocalEulerAnglesHint: {x: 0, y: 0, z: 0}
--- !u!33 &2176452490502610803
MeshFilter:
  m_ObjectHideFlags: 0
  m_CorrespondingSourceObject: {fileID: 0}
  m_PrefabInstance: {fileID: 0}
  m_PrefabAsset: {fileID: 0}
  m_GameObject: {fileID: 7261584383240875011}
  m_Mesh: {fileID: 10202, guid: 0000000000000000e000000000000000, type: 0}
--- !u!23 &7388944567938019674
MeshRenderer:
  m_ObjectHideFlags: 0
  m_CorrespondingSourceObject: {fileID: 0}
  m_PrefabInstance: {fileID: 0}
  m_PrefabAsset: {fileID: 0}
  m_GameObject: {fileID: 7261584383240875011}
  m_Enabled: 1
  m_CastShadows: 1
  m_ReceiveShadows: 1
  m_DynamicOccludee: 1
  m_MotionVectors: 1
  m_LightProbeUsage: 1
  m_ReflectionProbeUsage: 1
  m_RayTracingMode: 2
  m_RayTraceProcedural: 0
  m_RenderingLayerMask: 1
  m_RendererPriority: 0
  m_Materials:
  - {fileID: 2100000, guid: 2f5c4f730091b2c479582a3e3a51c108, type: 2}
  m_StaticBatchInfo:
    firstSubMesh: 0
    subMeshCount: 0
  m_StaticBatchRoot: {fileID: 0}
  m_ProbeAnchor: {fileID: 0}
  m_LightProbeVolumeOverride: {fileID: 0}
  m_ScaleInLightmap: 1
  m_ReceiveGI: 1
  m_PreserveUVs: 0
  m_IgnoreNormalsForChartDetection: 0
  m_ImportantGI: 0
  m_StitchLightmapSeams: 1
  m_SelectedEditorRenderState: 3
  m_MinimumChartSize: 4
  m_AutoUVMaxDistance: 0.5
  m_AutoUVMaxAngle: 89
  m_LightmapParameters: {fileID: 0}
  m_SortingLayerID: 0
  m_SortingLayer: 0
  m_SortingOrder: 0
  m_AdditionalVertexStreams: {fileID: 0}
--- !u!65 &1222604734670439021
BoxCollider:
  m_ObjectHideFlags: 0
  m_CorrespondingSourceObject: {fileID: 0}
  m_PrefabInstance: {fileID: 0}
  m_PrefabAsset: {fileID: 0}
  m_GameObject: {fileID: 7261584383240875011}
  m_Material: {fileID: 0}
  m_IsTrigger: 0
  m_Enabled: 1
  serializedVersion: 2
  m_Size: {x: 1, y: 1, z: 1}
  m_Center: {x: 0, y: 0, z: 0}
--- !u!1 &7460829793526910923
GameObject:
  m_ObjectHideFlags: 0
  m_CorrespondingSourceObject: {fileID: 0}
  m_PrefabInstance: {fileID: 0}
  m_PrefabAsset: {fileID: 0}
  serializedVersion: 6
  m_Component:
  - component: {fileID: 1322292477733785094}
  - component: {fileID: 453511485561723294}
  - component: {fileID: 5269608395571003830}
  - component: {fileID: 6083136020000062272}
  m_Layer: 8
  m_Name: Cube
  m_TagString: Untagged
  m_Icon: {fileID: 0}
  m_NavMeshLayer: 0
  m_StaticEditorFlags: 0
  m_IsActive: 1
--- !u!4 &1322292477733785094
Transform:
  m_ObjectHideFlags: 0
  m_CorrespondingSourceObject: {fileID: 0}
  m_PrefabInstance: {fileID: 0}
  m_PrefabAsset: {fileID: 0}
  m_GameObject: {fileID: 7460829793526910923}
  m_LocalRotation: {x: 0, y: 0, z: 0, w: 1}
  m_LocalPosition: {x: 0, y: 2.14, z: 0}
  m_LocalScale: {x: 0.42379633, y: 0.035755, z: 0.08393212}
  m_Children: []
  m_Father: {fileID: 8273027053242408826}
  m_RootOrder: 2
  m_LocalEulerAnglesHint: {x: 0, y: 0, z: 0}
--- !u!33 &453511485561723294
MeshFilter:
  m_ObjectHideFlags: 0
  m_CorrespondingSourceObject: {fileID: 0}
  m_PrefabInstance: {fileID: 0}
  m_PrefabAsset: {fileID: 0}
  m_GameObject: {fileID: 7460829793526910923}
  m_Mesh: {fileID: 10202, guid: 0000000000000000e000000000000000, type: 0}
--- !u!23 &5269608395571003830
MeshRenderer:
  m_ObjectHideFlags: 0
  m_CorrespondingSourceObject: {fileID: 0}
  m_PrefabInstance: {fileID: 0}
  m_PrefabAsset: {fileID: 0}
  m_GameObject: {fileID: 7460829793526910923}
  m_Enabled: 1
  m_CastShadows: 1
  m_ReceiveShadows: 1
  m_DynamicOccludee: 1
  m_MotionVectors: 1
  m_LightProbeUsage: 1
  m_ReflectionProbeUsage: 1
  m_RayTracingMode: 2
  m_RayTraceProcedural: 0
  m_RenderingLayerMask: 1
  m_RendererPriority: 0
  m_Materials:
  - {fileID: 2100000, guid: 2f5c4f730091b2c479582a3e3a51c108, type: 2}
  m_StaticBatchInfo:
    firstSubMesh: 0
    subMeshCount: 0
  m_StaticBatchRoot: {fileID: 0}
  m_ProbeAnchor: {fileID: 0}
  m_LightProbeVolumeOverride: {fileID: 0}
  m_ScaleInLightmap: 1
  m_ReceiveGI: 1
  m_PreserveUVs: 0
  m_IgnoreNormalsForChartDetection: 0
  m_ImportantGI: 0
  m_StitchLightmapSeams: 1
  m_SelectedEditorRenderState: 3
  m_MinimumChartSize: 4
  m_AutoUVMaxDistance: 0.5
  m_AutoUVMaxAngle: 89
  m_LightmapParameters: {fileID: 0}
  m_SortingLayerID: 0
  m_SortingLayer: 0
  m_SortingOrder: 0
  m_AdditionalVertexStreams: {fileID: 0}
--- !u!65 &6083136020000062272
BoxCollider:
  m_ObjectHideFlags: 0
  m_CorrespondingSourceObject: {fileID: 0}
  m_PrefabInstance: {fileID: 0}
  m_PrefabAsset: {fileID: 0}
  m_GameObject: {fileID: 7460829793526910923}
  m_Material: {fileID: 0}
  m_IsTrigger: 0
  m_Enabled: 1
  serializedVersion: 2
  m_Size: {x: 1, y: 1, z: 1}
  m_Center: {x: 0, y: 0, z: 0}
--- !u!1001 &1086395987450244183
PrefabInstance:
  m_ObjectHideFlags: 0
  serializedVersion: 2
  m_Modification:
    m_TransformParent: {fileID: 0}
    m_Modifications:
    - target: {fileID: 1856261472192598470, guid: 1d6bc042df1639a44ba9118fd813e7ed, type: 3}
      propertyPath: m_LocalPosition.y
      value: 1.881
      objectReference: {fileID: 0}
    - target: {fileID: 4191143914712927385, guid: 1d6bc042df1639a44ba9118fd813e7ed, type: 3}
      propertyPath: animator
      value: 
      objectReference: {fileID: 7856790906023743879}
    - target: {fileID: 4191143914712927395, guid: 1d6bc042df1639a44ba9118fd813e7ed, type: 3}
      propertyPath: m_Name
      value: mob_monster_zombie_thug
      objectReference: {fileID: 0}
    - target: {fileID: 4191143914712927396, guid: 1d6bc042df1639a44ba9118fd813e7ed, type: 3}
      propertyPath: armorType
      value: 2
      objectReference: {fileID: 0}
    - target: {fileID: 4191143914712927396, guid: 1d6bc042df1639a44ba9118fd813e7ed, type: 3}
      propertyPath: maxAttack
      value: 8
      objectReference: {fileID: 0}
    - target: {fileID: 4191143914712927396, guid: 1d6bc042df1639a44ba9118fd813e7ed, type: 3}
      propertyPath: maxHealth
      value: 120
      objectReference: {fileID: 0}
    - target: {fileID: 4191143914712927396, guid: 1d6bc042df1639a44ba9118fd813e7ed, type: 3}
      propertyPath: minAttack
      value: 4
      objectReference: {fileID: 0}
    - target: {fileID: 4191143914712927396, guid: 1d6bc042df1639a44ba9118fd813e7ed, type: 3}
      propertyPath: entityType
      value: 4
      objectReference: {fileID: 0}
    - target: {fileID: 4191143914712927399, guid: 1d6bc042df1639a44ba9118fd813e7ed, type: 3}
      propertyPath: m_RootOrder
      value: 0
      objectReference: {fileID: 0}
    - target: {fileID: 4191143914712927399, guid: 1d6bc042df1639a44ba9118fd813e7ed, type: 3}
      propertyPath: m_LocalPosition.x
      value: 4
      objectReference: {fileID: 0}
    - target: {fileID: 4191143914712927399, guid: 1d6bc042df1639a44ba9118fd813e7ed, type: 3}
      propertyPath: m_LocalPosition.y
      value: 0
      objectReference: {fileID: 0}
    - target: {fileID: 4191143914712927399, guid: 1d6bc042df1639a44ba9118fd813e7ed, type: 3}
      propertyPath: m_LocalPosition.z
      value: 0
      objectReference: {fileID: 0}
    - target: {fileID: 4191143914712927399, guid: 1d6bc042df1639a44ba9118fd813e7ed, type: 3}
      propertyPath: m_LocalRotation.w
      value: 1
      objectReference: {fileID: 0}
    - target: {fileID: 4191143914712927399, guid: 1d6bc042df1639a44ba9118fd813e7ed, type: 3}
      propertyPath: m_LocalRotation.x
      value: 0
      objectReference: {fileID: 0}
    - target: {fileID: 4191143914712927399, guid: 1d6bc042df1639a44ba9118fd813e7ed, type: 3}
      propertyPath: m_LocalRotation.y
      value: 0
      objectReference: {fileID: 0}
    - target: {fileID: 4191143914712927399, guid: 1d6bc042df1639a44ba9118fd813e7ed, type: 3}
      propertyPath: m_LocalRotation.z
      value: 0
      objectReference: {fileID: 0}
    - target: {fileID: 4191143914712927399, guid: 1d6bc042df1639a44ba9118fd813e7ed, type: 3}
      propertyPath: m_LocalEulerAnglesHint.x
      value: 0
      objectReference: {fileID: 0}
    - target: {fileID: 4191143914712927399, guid: 1d6bc042df1639a44ba9118fd813e7ed, type: 3}
      propertyPath: m_LocalEulerAnglesHint.y
      value: 0
      objectReference: {fileID: 0}
    - target: {fileID: 4191143914712927399, guid: 1d6bc042df1639a44ba9118fd813e7ed, type: 3}
      propertyPath: m_LocalEulerAnglesHint.z
      value: 0
      objectReference: {fileID: 0}
    - target: {fileID: 4191143914988864888, guid: 1d6bc042df1639a44ba9118fd813e7ed, type: 3}
      propertyPath: m_Materials.Array.data[0]
      value: 
      objectReference: {fileID: 2100000, guid: 0ebe2d35108716341a4615d8eeb856ab, type: 2}
    - target: {fileID: 4191143914988864902, guid: 1d6bc042df1639a44ba9118fd813e7ed, type: 3}
      propertyPath: m_IsActive
      value: 0
      objectReference: {fileID: 0}
    - target: {fileID: 4191143915255525456, guid: 1d6bc042df1639a44ba9118fd813e7ed, type: 3}
      propertyPath: m_IsActive
      value: 0
      objectReference: {fileID: 0}
    - target: {fileID: 4191143915255525461, guid: 1d6bc042df1639a44ba9118fd813e7ed, type: 3}
      propertyPath: m_Materials.Array.data[0]
      value: 
      objectReference: {fileID: 2100000, guid: 0ebe2d35108716341a4615d8eeb856ab, type: 2}
    - target: {fileID: 4191143915447831117, guid: 1d6bc042df1639a44ba9118fd813e7ed, type: 3}
      propertyPath: m_IsActive
      value: 0
      objectReference: {fileID: 0}
    - target: {fileID: 4191143915447831119, guid: 1d6bc042df1639a44ba9118fd813e7ed, type: 3}
      propertyPath: m_Materials.Array.data[0]
      value: 
      objectReference: {fileID: 2100000, guid: 0ebe2d35108716341a4615d8eeb856ab, type: 2}
    m_RemovedComponents: []
  m_SourcePrefab: {fileID: 100100000, guid: 1d6bc042df1639a44ba9118fd813e7ed, type: 3}
--- !u!4 &3835457516572025072 stripped
Transform:
  m_CorrespondingSourceObject: {fileID: 4191143914712927399, guid: 1d6bc042df1639a44ba9118fd813e7ed, type: 3}
  m_PrefabInstance: {fileID: 1086395987450244183}
  m_PrefabAsset: {fileID: 0}
--- !u!1001 &4764684047810065880
PrefabInstance:
  m_ObjectHideFlags: 0
  serializedVersion: 2
  m_Modification:
    m_TransformParent: {fileID: 3835457516572025072}
    m_Modifications:
    - target: {fileID: 1261611916245660820, guid: 3711fb3885c84ea438b82241b28271df, type: 3}
      propertyPath: m_LocalScale.x
      value: 0.35
      objectReference: {fileID: 0}
    - target: {fileID: 1261611916245660820, guid: 3711fb3885c84ea438b82241b28271df, type: 3}
      propertyPath: m_LocalScale.y
      value: 0.35
      objectReference: {fileID: 0}
    - target: {fileID: 1261611916245660820, guid: 3711fb3885c84ea438b82241b28271df, type: 3}
      propertyPath: m_LocalScale.z
      value: 0.35
      objectReference: {fileID: 0}
    - target: {fileID: 1587690563432793080, guid: 3711fb3885c84ea438b82241b28271df, type: 3}
      propertyPath: m_Name
      value: zombie_2
      objectReference: {fileID: 0}
    - target: {fileID: 1587690563432793083, guid: 3711fb3885c84ea438b82241b28271df, type: 3}
      propertyPath: m_RootOrder
      value: 1
      objectReference: {fileID: 0}
    - target: {fileID: 1587690563432793083, guid: 3711fb3885c84ea438b82241b28271df, type: 3}
      propertyPath: m_LocalPosition.x
      value: 0
      objectReference: {fileID: 0}
    - target: {fileID: 1587690563432793083, guid: 3711fb3885c84ea438b82241b28271df, type: 3}
      propertyPath: m_LocalPosition.y
      value: 0
      objectReference: {fileID: 0}
    - target: {fileID: 1587690563432793083, guid: 3711fb3885c84ea438b82241b28271df, type: 3}
      propertyPath: m_LocalPosition.z
      value: 0
      objectReference: {fileID: 0}
    - target: {fileID: 1587690563432793083, guid: 3711fb3885c84ea438b82241b28271df, type: 3}
      propertyPath: m_LocalRotation.w
      value: 1
      objectReference: {fileID: 0}
    - target: {fileID: 1587690563432793083, guid: 3711fb3885c84ea438b82241b28271df, type: 3}
      propertyPath: m_LocalRotation.x
      value: 0
      objectReference: {fileID: 0}
    - target: {fileID: 1587690563432793083, guid: 3711fb3885c84ea438b82241b28271df, type: 3}
      propertyPath: m_LocalRotation.y
      value: 0
      objectReference: {fileID: 0}
    - target: {fileID: 1587690563432793083, guid: 3711fb3885c84ea438b82241b28271df, type: 3}
      propertyPath: m_LocalRotation.z
      value: 0
      objectReference: {fileID: 0}
    - target: {fileID: 1587690563432793083, guid: 3711fb3885c84ea438b82241b28271df, type: 3}
      propertyPath: m_LocalEulerAnglesHint.x
      value: 0
      objectReference: {fileID: 0}
    - target: {fileID: 1587690563432793083, guid: 3711fb3885c84ea438b82241b28271df, type: 3}
      propertyPath: m_LocalEulerAnglesHint.y
      value: 0
      objectReference: {fileID: 0}
    - target: {fileID: 1587690563432793083, guid: 3711fb3885c84ea438b82241b28271df, type: 3}
      propertyPath: m_LocalEulerAnglesHint.z
      value: 0
      objectReference: {fileID: 0}
    - target: {fileID: 3393290065745601631, guid: 3711fb3885c84ea438b82241b28271df, type: 3}
      propertyPath: m_Controller
      value: 
      objectReference: {fileID: 9100000, guid: f0ad7906e6f9833469b08ad3d4f9f14a, type: 2}
    - target: {fileID: 5526577481720253282, guid: 3711fb3885c84ea438b82241b28271df, type: 3}
      propertyPath: m_LocalRotation.w
      value: 6.123228e-17
      objectReference: {fileID: 0}
    - target: {fileID: 5526577481720253282, guid: 3711fb3885c84ea438b82241b28271df, type: 3}
      propertyPath: m_LocalRotation.x
      value: 0.9999991
      objectReference: {fileID: 0}
    - target: {fileID: 5526577481720253282, guid: 3711fb3885c84ea438b82241b28271df, type: 3}
      propertyPath: m_LocalRotation.y
      value: -0.001338649
      objectReference: {fileID: 0}
    - target: {fileID: 5526577481720253282, guid: 3711fb3885c84ea438b82241b28271df, type: 3}
      propertyPath: m_LocalRotation.z
      value: -8.1968603e-20
      objectReference: {fileID: 0}
    - target: {fileID: 5526577481720253282, guid: 3711fb3885c84ea438b82241b28271df, type: 3}
      propertyPath: m_LocalEulerAnglesHint.x
      value: 0
      objectReference: {fileID: 0}
    - target: {fileID: 5526577481720253282, guid: 3711fb3885c84ea438b82241b28271df, type: 3}
      propertyPath: m_LocalEulerAnglesHint.z
      value: 0
      objectReference: {fileID: 0}
    m_RemovedComponents: []
  m_SourcePrefab: {fileID: 100100000, guid: 3711fb3885c84ea438b82241b28271df, type: 3}
--- !u!95 &7856790906023743879 stripped
Animator:
  m_CorrespondingSourceObject: {fileID: 3393290065745601631, guid: 3711fb3885c84ea438b82241b28271df, type: 3}
  m_PrefabInstance: {fileID: 4764684047810065880}
  m_PrefabAsset: {fileID: 0}
--- !u!4 &1057736877163658938 stripped
Transform:
  m_CorrespondingSourceObject: {fileID: 5526577481720253282, guid: 3711fb3885c84ea438b82241b28271df, type: 3}
  m_PrefabInstance: {fileID: 4764684047810065880}
  m_PrefabAsset: {fileID: 0}
